<?xml version="1.0" encoding="UTF-8" standalone="yes"?>
<Document xmlns:xsi="http://www.w3.org/2001/XMLSchema-instance" xmlns="urn:iso:std:iso:20022:tech:xsd:pain.001.001.03">
<CstmrCdtTrfInitn>
   <GrpHdr>
      <MsgId>TRANPAG000009F20160824T115009</MsgId>
      <CreDtTm>2016-08-24T11:50:09</CreDtTm>
      <NbOfTxs>1</NbOfTxs>
      <CtrlSum>12.09</CtrlSum>
      <InitgPty>
         <Nm>PRUEBASSSSSS</Nm>
         <Id>
           <OrgId>
               <Othr>
                  <Id>B96470190000</Id>
               </Othr>
           </OrgId>
         </Id>
      </InitgPty>
   </GrpHdr>
   <PmtInf>
      <PmtInfId>20160824115009B96470190</PmtInfId>
      <PmtMtd>TRF</PmtMtd>
      <ReqdExctnDt>2016-08-24</ReqdExctnDt>
      <Dbtr>
         <Nm>PRUEBASSSSSS</Nm>
         <PstlAdr>
            <Ctry>ES</Ctry>
            <AdrLine>Pasaje Ventura Feliu 13  Valencia</AdrLine>
         </PstlAdr>
         <Id>
            <OrgId>
               <Othr>
                  <Id>B96470190000</Id>
               </Othr>
            </OrgId>
         </Id>
    </Dbtr>
    <DbtrAcct>
       <Id>
          <IBAN>ES6421001864930200004908</IBAN>
       </Id>
       <Ccy>EUR</Ccy>
    </DbtrAcct>
    <DbtrAgt>
       <FinInstnId>
          <BIC>CAIXESBBXXX</BIC>
       </FinInstnId>
    </DbtrAgt>
   <CdtTrfTxInf>
      <PmtId>
         <EndToEndId>55418329  20160804001</EndToEndId>
      </PmtId>
      <PmtTpInf>
          <SvcLvl><Cd>SEPA</Cd></SvcLvl>
          <CtgyPurp><Cd>PENS</Cd></CtgyPurp>
       </PmtTpInf>
       <Amt>
          <InstdAmt Ccy="EUR">12.09</InstdAmt>
       </Amt>
       <CdtrAgt>
          <FinInstnId>
             <BIC>CAHMESMMXXX</BIC>
          </FinInstnId>
       </CdtrAgt>
       <Cdtr>
          <Nm>1 1 INTERNET ESPA A, S.L.U.</Nm>
           <Id>
               <OrgId>
                  <Othr>
                     <Id>B85049435</Id>
                  </Othr>
               </OrgId>
           </Id>
        </Cdtr>
        <CdtrAcct>
           <Id>
              <IBAN>ES8220382525252525252525</IBAN>
           </Id>
        </CdtrAcct>
      <Purp>
         <Cd>PENS</Cd>
      </Purp>
      <RmtInf>
         <Ustrd>Factura num.  55418329-04/08/2016 Vto a fecha  09/08/2016</Ustrd>
      </RmtInf>
   </CdtTrfTxInf>
   </PmtInf>
</CstmrCdtTrfInitn></Document>
